<?xml version="1.0" encoding="UTF-8"?><record xmlns="http://www.loc.gov/MARC21/slim" xmlns:cinclude="http://apache.org/cocoon/include/1.0" xmlns:zs="http://www.loc.gov/zing/srw/">
  <leader>00526nz  a2200145n  4500</leader>
  <controlfield tag="001">no 97083872 </controlfield>
  <controlfield tag="003">DLC</controlfield>
  <controlfield tag="005">19980102050521.3</controlfield>
  <controlfield tag="008">971231n| acannaab|          |n aad     c</controlfield>
  <datafield tag="010" ind1=" " ind2=" ">
    <subfield code="a">no 97083872 </subfield>
  </datafield>
  <datafield tag="035" ind1=" " ind2=" ">
    <subfield code="a">(OCoLC)oca04571296 </subfield>
  </datafield>
  <datafield tag="040" ind1=" " ind2=" ">
    <subfield code="a">OCoLC</subfield>
    <subfield code="c">OCoLC</subfield>
  </datafield>
  <datafield tag="100" ind1="1" ind2="0">
    <subfield code="a">Couperin, François,</subfield>
    <subfield code="d">1668-1733.</subfield>
    <subfield code="t">Pièces de clavecin,</subfield>
    <subfield code="n">4e livre.</subfield>
    <subfield code="n">No 23-24</subfield>
  </datafield>
  <datafield tag="667" ind1=" " ind2=" ">
    <subfield code="a">Machine-derived authority record.</subfield>
  </datafield>
  <datafield tag="670" ind1=" " ind2=" ">
    <subfield code="a">LCCN 85-753515: Couperin, F. Quatriéme livre de piéces de clavecin Vingt-troisiéme &amp; vingt-quatriéme ordres, p1978</subfield>
  </datafield>
</record>